<record><leader>00000cas a2200000 a 4500</leader><controlfield tag="001">29178053</controlfield><controlfield tag="008">931022d19681968cauer ne      0   a0eng c</controlfield><datafield ind1=" " ind2=" " tag="010"><subfield code="a">sn 93024107 </subfield></datafield><datafield ind1=" " ind2=" " tag="040"><subfield code="a">EYM</subfield><subfield code="b">eng</subfield><subfield code="c">EYM</subfield><subfield code="d">CNW</subfield><subfield code="d">EYM</subfield><subfield code="d">CNK</subfield><subfield code="d">NYS</subfield><subfield code="d">OCLCQ</subfield><subfield code="d">OCLCF</subfield><subfield code="d">OCLCO</subfield></datafield><datafield ind1=" " ind2=" " tag="012"><subfield code="i">9310</subfield></datafield><datafield ind1="1" ind2=" " tag="029"><subfield code="a">AU@</subfield><subfield code="b">000023598495</subfield></datafield><datafield ind1=" " ind2=" " tag="042"><subfield code="a">pcc</subfield></datafield><datafield ind1=" " ind2=" " tag="043"><subfield code="a">n-us-ca</subfield></datafield><datafield ind1=" " ind2=" " tag="090"><subfield code="a">AP2</subfield><subfield code="b">.T3</subfield></datafield><datafield ind1="0" ind2="0" tag="245"><subfield code="a">Teaspoon and the door.</subfield></datafield><datafield ind1=" " ind2=" " tag="260"><subfield code="a">San Diego, Calif. :</subfield><subfield code="b">Teaspoon and the Door,</subfield><subfield code="c">1968.</subfield></datafield><datafield ind1=" " ind2=" " tag="300"><subfield code="a">1 v. :</subfield><subfield code="b">ill.</subfield></datafield><datafield ind1=" " ind2=" " tag="310"><subfield code="a">Biweekly</subfield></datafield><datafield ind1="0" ind2=" " tag="362"><subfield code="a">Vol. 1, no. 1 (May 24-31, 1968)-v. 1, no. 2 (June 7-20, 1968).</subfield></datafield><datafield ind1=" " ind2=" " tag="530"><subfield code="a">Issued on microfilm by Bell &amp; Howell (Underground newspaper collection).</subfield></datafield><datafield ind1=" " ind2=" " tag="580"><subfield code="a">Formed by the merger of: Good morning teaspoon, and: San Diego door (La Mesa, Calif.).</subfield></datafield><datafield ind1=" " ind2="0" tag="650"><subfield code="a">Underground press publications</subfield><subfield code="z">California</subfield><subfield code="z">San Diego</subfield><subfield code="v">Newspapers.</subfield></datafield><datafield ind1=" " ind2="0" tag="650"><subfield code="a">Radicalism</subfield><subfield code="z">California</subfield><subfield code="v">Newspapers.</subfield></datafield><datafield ind1=" " ind2="0" tag="651"><subfield code="a">San Diego (Calif.)</subfield><subfield code="v">Newspapers.</subfield></datafield><datafield ind1=" " ind2="0" tag="651"><subfield code="a">San Diego County (Calif.)</subfield><subfield code="v">Newspapers.</subfield></datafield><datafield ind1=" " ind2="7" tag="655"><subfield code="a">Newspapers.</subfield><subfield code="2">fast</subfield><subfield code="0">(OCoLC)fst01423814</subfield></datafield><datafield ind1=" " ind2="7" tag="650"><subfield code="a">Radicalism.</subfield><subfield code="2">fast</subfield><subfield code="0">(OCoLC)fst01087015</subfield></datafield><datafield ind1=" " ind2="7" tag="650"><subfield code="a">Underground press publications.</subfield><subfield code="2">fast</subfield><subfield code="0">(OCoLC)fst01160984</subfield></datafield><datafield ind1=" " ind2="7" tag="651"><subfield code="a">California.</subfield><subfield code="2">fast</subfield><subfield code="0">(OCoLC)fst01204928</subfield></datafield><datafield ind1=" " ind2="7" tag="651"><subfield code="a">California</subfield><subfield code="z">San Diego.</subfield><subfield code="2">fast</subfield><subfield code="0">(OCoLC)fst01205232</subfield></datafield><datafield ind1=" " ind2="7" tag="651"><subfield code="a">California</subfield><subfield code="z">San Diego County.</subfield><subfield code="2">fast</subfield><subfield code="0">(OCoLC)fst01204290</subfield></datafield><datafield ind1=" " ind2=" " tag="752"><subfield code="a">United States</subfield><subfield code="b">California</subfield><subfield code="c">San Diego</subfield><subfield code="d">San Diego.</subfield></datafield><datafield ind1="1" ind2=" " tag="776"><subfield code="c">Microfilm</subfield><subfield code="d">UMI</subfield><subfield code="k">Underground newspaper collection</subfield><subfield code="k">Underground press collection</subfield><subfield code="w">(OCoLC)2937378</subfield></datafield><datafield ind1="1" ind2="4" tag="780"><subfield code="t">Good morning teaspoon</subfield><subfield code="w">(OCoLC)8136306</subfield></datafield><datafield ind1="1" ind2="4" tag="780"><subfield code="t">San Diego door (La Mesa, Calif.)</subfield><subfield code="w">(DLC)sn 95023152</subfield><subfield code="w">(OCoLC)8136397</subfield></datafield><datafield ind1="0" ind2="0" tag="785"><subfield code="t">Teaspoon door</subfield><subfield code="w">(DLC)sn 93024108</subfield><subfield code="w">(OCoLC)8136486</subfield></datafield><datafield ind1=" " ind2=" " tag="850"><subfield code="a">MiU</subfield></datafield></record>